<record><leader>00000cas a22000007a 4500</leader><controlfield tag="001">9259072</controlfield><controlfield tag="008">830225d18301831mauwr ne      0    0eng d</controlfield><controlfield tag="009">3768</controlfield><datafield ind1=" " ind2=" " tag="010"><subfield code="a">sn 83020099 </subfield></datafield><datafield ind1=" " ind2=" " tag="040"><subfield code="a">NPX</subfield><subfield code="b">eng</subfield><subfield code="c">NPX</subfield><subfield code="d">MGN</subfield><subfield code="d">CNK</subfield></datafield><datafield ind1=" " ind2=" " tag="042"><subfield code="a">msc</subfield></datafield><datafield ind1=" " ind2=" " tag="043"><subfield code="a">n-us-ma</subfield></datafield><datafield ind1="0" ind2="0" tag="245"><subfield code="a">Hampshire sentinel.</subfield></datafield><datafield ind1=" " ind2=" " tag="260"><subfield code="a">Belchertown, Mass. :</subfield><subfield code="b">[s.n.],</subfield><subfield code="c">1830-</subfield></datafield><datafield ind1=" " ind2=" " tag="300"><subfield code="a">v. ;</subfield><subfield code="c">48 cm.</subfield></datafield><datafield ind1=" " ind2=" " tag="310"><subfield code="a">Weekly</subfield></datafield><datafield ind1="0" ind2=" " tag="362"><subfield code="a">Vol. 1, no. 1 (Sept. 8, 1830)-</subfield></datafield><datafield ind1="1" ind2=" " tag="362"><subfield code="a">Ceased in May 1831.</subfield></datafield><datafield ind1=" " ind2=" " tag="500"><subfield code="a">Printer: S.W. Andrews, &lt;1830&gt;.</subfield></datafield><datafield ind1=" " ind2=" " tag="752"><subfield code="a">United States</subfield><subfield code="b">Massachusetts</subfield><subfield code="c">Hampshire</subfield><subfield code="d">Belchertown.</subfield></datafield><datafield ind1="0" ind2="7" tag="785"><subfield code="t">Northamton courier (Northampton, Mass. : 1829)</subfield><subfield code="w">(DLC)sn 83021005</subfield></datafield><datafield ind1="0" ind2="7" tag="785"><subfield code="t">Northamton courier and Hampshire sentinel</subfield><subfield code="w">(DLC)sn 83021006</subfield></datafield></record>